@misc{origin,
  author    = {Shanliang Yao},
  title     = {XJTLU Beamer Template},
  year      = {2021},
  url       = {https://github.com/yaoshanliang/XJTLU-Beamer-Template},
}